@misc{EC96,
  author =	 {{European Commission}},
  title =	 {Strategic Developments for the European Publishing
                  Industry towards the Year 2000 - Europe's Multimedia
                  Challenge},
  year =	 1996
}


@misc{ipdcforum_def,
  title =	 {About {IP} Datacasting - Overview},
  author =	 {{IPDC} Forum},
  year =     {2004},
  note =	 {{WWW} page of the IPDC Forum:
                  \url{http://www.bmcoforum.org/index.php?id=6}. Accessed
                   18 Feb 2004.}
}

@misc{RFC3550,
  author =	 {H. Schulzrinne and S. Casner and R. Frederic and
                  V. Jacobson},
  title =	 {{RFC} 3550: {RTP}: A Transport Protocol for Real-Time
                  Applications},
  insitution =	 {{IETF}},
  year =	 2003,
  month =	 {Jul},
  note =	 {Status: DRAFT STANDARD}
}

@techreport{IDReqNom03,
  author =	 {Y. Nomura and R. Walsh and J. Ott and
                  H. Schulzrinne},
  title =	 {Protocol Requirements for Internet Media Guides},
  institution =	 {{IETF}},
  year =	 {2003},
  type =	 {Internet Draft},
  month =	 {Dec},
  note =	 {Work in progress. Expires June, 2004},
  description =	 {Now (Oct 2003) it seems as if the Electronic Service
                  Guide ESG used in IP Datacasting will be based on
                  IMG},
  abstract =	 {This memo specifies requirements for a protocol for
                  accessing and updating Internet Media Guide (IMG)
                  information for media-on-demand and multicast
                  applications. These requirements are designed to
                  guide development of an IMG protocol for efficient
                  and scalable delivery.},
  url =           {http://www.ietf.org/internet-drafts/draft-ietf-mmusic-img-req-02.txt}
}

@techreport{FerryProblem,
  author =	 {Mika G��s and Tuukka Haapasalo and Leo Moisio},
  title =	 {Finding Hard Instances of the Ferry Problem},
  institution =	{Aalto {SCI}},
  year =	 {2010},
  type =	 {Course Report for the course {T-79.5203/S-72.2420} {G}raph Theory}
}

@phdthesis{HaapasaloThesis,
  author    = {Tuukka Haapasalo},
  title     = {Accessing Multiversion Data in Database Transactions},
  year      = {2010},
  school    = {Department of Computer Science and Engineering, Aalto University School of Science and Technology, Espoo, Finland},
  note      = {\url{http://lib.tkk.fi/Diss/2010/isbn9789526033600/}}
}

@misc{ThesisInstructions,
  author =   {{Aalto-yliopisto, Degree programme of Computer Science and Engineering}},
  title =    {Instruction pages: Diplomity�},
  year =     {2010},
  note =     {\url{http://information.tkk.fi/fi/opinnot/tietotekniikka/diplomityo/} (in Finnish),
              \url{http://information.tkk.fi/en/studies/cse/thesis/} (in English). Accessed 9.2.2011}
}

@misc{ThesisGrading,
  author =	 {{Aalto University, Helsinki University of Technology, Committee on Academic Affairs}},
  title =	 {Guidelines for Master's Thesis Evaluation},
  month =	 {December 4},
  year =	 2008,
  note =          {\url{http://www.tkk.fi/fi/opinnot/opintohallinto/paatokset/guidelinemastersthesisevaluation.pdf}
                  (in English), \url{http://www.tkk.fi/fi/opinnot/opintohallinto/paatokset/diplomityoarviointiohje.pdf}
                  (in Finnish).}
}

@misc{TeXLive,
  author =   {{TeX Users Group}},
  title =    {{TeX Live}},
  year =     {2010},
  note =     {\url{http://www.tug.org/texlive/}. Accessed 25.2.2011.}
}

@misc{MiKTeX,
  author =   {{Christian Schenk}},
  title =    {{MiKTeX}},
  year =     {2010},
  note =     {\url{http://miktex.org/}. Accessed 25.2.2011.}
}


@misc{TeXlipse,
  author =   {Taavi Hupponen and Kimmo Karlsson and Jani Laitinen and Oskar Ojala and Antti Pirinen and Esa Seuranen and Laura Takkinen and von Loesch, Boris and Vestb�, Tor Arne},
  title =    {{TeXlipse plugin for {E}clipse}},
  year =     {2010},
  note =     {\url{http://texlipse.sourceforge.net/}. Accessed 25.2.2011.}
}

@misc{Eclipse,
  author =   {{The Eclipse Foundation}},
  title =    {{Eclipse}},
  year =     {2011},
  note =     {\url{http://eclipse.org/}. Accessed 25.2.2011.}
}



@Misc{bibinstructions,
  author =	 {{Aalto University Library}},
  title =	 {Making a bibliography},
  howpublished = {webpage},
  month =	 {March 2},
  year =	 2011,
  note =     {\url{http://otalib.aalto.fi/en/instructions/guides/citations/bibliography/}. Accessed
                  4.2.2011},
  annote =	 {Introduction how to make bibliography either with
                  Harvard or Vancouver style}
}

@Misc{howfindinfo,
  author =	 {{Aalto University Library}},
  howpublished = {webpage},
  month =	 {March 2},
  year =	 2011,
  note =	 {How to find - brief guide to finding
                  publications and information. Accessed 4.3.2011},
  annote =	 {Introduction where in the library systems different
                  kind of publications are stored}
}

% Multiversion B-tree (MVBT)
@article{becker:1996:mvbt,
  author    = {B. Becker and S. Gschwind and T. Ohler and Bernhard Seeger and Peter Widmayer},
  title     = {{An asymptotically optimal multiversion B-tree}},
  journal   = {The VLDB Journal},
  volume    = 5,
  number    = 4,
  year      = 1996,
  pages     = {264--275}
}

% Transactional multiversion B-tree
@inproceedings{haapasalo:2009:tmvbt,
  author    = {Tuukka Haapasalo and Ibrahim Jaluta and Bernhard Seeger and Seppo Sippu and Eljas Soisalon-Soininen},
  title     = {Transactions on the multiversion {B$^+$}-tree},
  year      = {2009},
  booktitle = {Proceedings of the 12th Conference in Extending Database Technology},
  pages     = {1064--1075}
}




%%%%%%%%%%%%%%%%%%%%%%%%%%%%%%%%%%%%%
%dippa

@misc{WiiRemoteMain,
  author = {Nintendo},
  title = {{W}ii {R}emote},
  note =  {\url{http://www.nintendo.com/wii/what-is-wii/#/controls}. Accessed 3.9.2013 }
}


@misc{PSMoveMain,
  author = {Sony},
  title = {{P}lay{S}tation {M}ove},
  note =  {\url{http://www.playstation.com/psmove/}. Accessed 3.9.2013 }
}

@techreport{TUGrazKeystoning,
  author =     "Marcel Lancelle and Lars Offen and Torsten Ullrich and Torsten Techmann and Dieter W. Fellner",
  title =	 "Minimally Invasive Projector Calibration for 3{D} Applications",
  year =	 2006,
  abstract = {Addressing the typically time consuming adjustment of projector equipment in VR installations
we propose an easy to implement projector calibration method that effectively corrects
images projected onto planar surfaces and which does not require any additional hardware. For
hardware accelerated 3D applications only the projection matrix has to be modified slightly thus
there is no performance impact and existing applications can be adopted easily.}
  url =     {http://www.cgv.tugraz.at/CGVold/DigitalLibrary/publications/TechnicalReports/graz/TR-tugraz-cgv-2006-01.pdf}}
}

@misc{UnitySite,
  author = {{Unity {T}echnologies}},
  title = {{U}nity3D},
  note = {\url{http://www.unity3d.com}}
}

@misc{CSML,
  author = {hanzzoid},
  title = {{CSML}, the {C} {S}harp {M}atrix {L}ibrary},
  note = {\url{http://www.codeproject.com/Articles/19032/C-Matrix-Library}}
}

@misc{PSMoveWrapper,
  author = {Xun Zhang},
  title = {{{PSM}ove{W}rapper (version 2012.3.19)},
  note = {\url{http://wiki.etc.cmu.edu/unity3d/index.php/Sony_PlayStation_Move}}
}

@misc{RazerHydra,
  author = {Razer},
  title = {{H}ydra},
  note = {\url{http://www.razerzone.com/gaming-controllers/razer-hydra/}}
}

@misc{RazerUnityPlugin,
  author = {Razer},
  title = {{S}ixense {U}nity {P}lug-in},
  note = {\url{http://u3d.as/content/sixense-studios/sixense-unity-plug-in/4pA}}
}

@misc{JohnnyLeePerspective,
  author = {Lee, Johnny},
  title = {{H}ead {T}racking for {D}esktop {VR} {D}isplays using the {W}ii {R}emote},
  note = {\url{http://www.youtube.com/watch?v=Jd3-eiid-Uw}}
}

@INPROCEEDINGS{Dodgson04variationand,
    author = {Neil A. Dodgson},
    title = {Variation and extrema of human interpupillary distance in {S}tereoscopic {D}isplays and {V}irtual {R}eality {S}ystems},
    booktitle = {Proc. SPIE 5291},
    year = {2004},
    pages = {36--46}
}

@book{Burdea:2003:VRT:829566,
 author = {Burdea, Grigore C. and Coiffet, Philippe},
 title = {Virtual Reality Technology},
 year = {2003},
 isbn = {0471360899},
 edition = {2},
 publisher = {John Wiley \& Sons, Inc.},
 address = {New York, NY, USA},
}

@article{brooks1999whatsreal,
 author = {Brooks, Frederick P.},
 title = {What's Real About Virtual Reality?},
 journal = {IEEE Comput. Graph. Appl.},
 issue_date = {November 1999},
 volume = {19},
 number = {6},
 month = nov,
 year = {1999},
 issn = {0272-1716},
 pages = {16--27},
 numpages = {12},
 url = {http://dx.doi.org/10.1109/38.799723},
 doi = {10.1109/38.799723},
 acmid = {618660},
 publisher = {IEEE Computer Society Press},
 address = {Los Alamitos, CA, USA},
}

@article{Cruz-Neira:1992:CAV:129888.129892,
 author = {Cruz-Neira, Carolina and Sandin, Daniel J. and DeFanti, Thomas A. and Kenyon, Robert V. and Hart, John C.},
 title = {The CAVE: audio visual experience automatic virtual environment},
 journal = {Commun. ACM},
 issue_date = {June 1992},
 volume = {35},
 number = {6},
 month = jun,
 year = {1992},
 issn = {0001-0782},
 pages = {64--72},
 numpages = {9},
 url = {http://doi.acm.org/10.1145/129888.129892},
 doi = {10.1145/129888.129892},
 acmid = {129892},
 publisher = {ACM},
 address = {New York, NY, USA},
}

@inproceedings{Cruz-Neira:1993:SPV:166117.166134,
 author = {Cruz-Neira, Carolina and Sandin, Daniel J. and DeFanti, Thomas A.},
 title = {Surround-screen projection-based virtual reality: the design and implementation of the CAVE},
 booktitle = {Proceedings of the 20th annual conference on Computer graphics and interactive techniques},
 series = {SIGGRAPH '93},
 year = {1993},
 isbn = {0-89791-601-8},
 location = {Anaheim, CA},
 pages = {135--142},
 numpages = {8},
 url = {http://doi.acm.org/10.1145/166117.166134},
 doi = {10.1145/166117.166134},
 acmid = {166134},
 publisher = {ACM},
 address = {New York, NY, USA},
 keywords = {head-tracking, projection paradigms, real-time manipulation, stereoscopic display, virtual reality},
}

@article{
    Author = {Kalman, Rudolph Emil},
    Title = {A New Approach to Linear Filtering and Prediction Problems},
    Journal = {Transactions of the ASME--Journal of Basic Engineering},
    Volume = {82},
    Number = {Series D},
    Pages = {35--45},
    Year = {1960}
}

@book{Sherman:2002:UVR:581839,
 author = {Sherman, William R. and Craig, Alan B.},
 title = {Understanding Virtual Reality: Interface, Application, and Design},
 year = {2002},
 isbn = {1558603530},
 publisher = {Morgan Kaufmann Publishers Inc.},
 address = {San Francisco, CA, USA},
} 

@Misc{KooimaPerspective,
  title = {Generalized Perspective Projection},
  author = {Kooima, Robert},
  note = {\url{http://csc.lsu.edu/~kooima/articles/genperspective/index.html} Accessed on 6.11.2013}
}

@book{RTR3,
 author = {Tomas Akenine-M\"{o}ller and Eric Haines and Natty Hoffman},
 title = {Real-Time Rendering 3rd Edition},
 year = {2008},
 pages = {1045},
 isbn = {987-1-56881-424-7},
 publisher = {A. K. Peters, Ltd.},
 address = {Natick, MA, USA},
 }

@article{CAVE1,
 author = {Cruz-Neira, Carolina and Sandin, Daniel J. and DeFanti, Thomas A. and Kenyon, Robert V. and Hart, John C.},
 title = {The {CAVE}: Audio Visual Experience Automatic Virtual Environment},
 journal = {Commun. ACM},
 issue_date = {June 1992},
 volume = {35},
 number = {6},
 month = jun,
 year = {1992},
 issn = {0001-0782},
 pages = {64--72},
 numpages = {9},
 url = {http://doi.acm.org/10.1145/129888.129892},
 doi = {10.1145/129888.129892},
 acmid = {129892},
 publisher = {ACM},
 address = {New York, NY, USA},
} 

@inproceedings{CAVE2,
 author = {Cruz-Neira, Carolina and Sandin, Daniel J. and DeFanti, Thomas A.},
 title = {Surround-screen Projection-based Virtual Reality: The Design and Implementation of the {CAVE}},
 booktitle = {Proceedings of the 20th Annual Conference on Computer Graphics and Interactive Techniques},
 series = {SIGGRAPH '93},
 year = {1993},
 isbn = {0-89791-601-8},
 location = {Anaheim, CA},
 pages = {135--142},
 numpages = {8},
 url = {http://doi.acm.org/10.1145/166117.166134},
 doi = {10.1145/166117.166134},
 acmid = {166134},
 publisher = {ACM},
 address = {New York, NY, USA},
 keywords = {head-tracking, projection paradigms, real-time manipulation, stereoscopic display, virtual reality},
} 

@inproceedings{SutherlandHMD,
 author = {Sutherland, Ivan E.},
 title = {A Head-mounted Three Dimensional Display},
 booktitle = {Proceedings of the December 9-11, 1968, Fall Joint Computer Conference, Part I},
 series = {AFIPS '68 (Fall, part I)},
 year = {1968},
 location = {San Francisco, California},
 pages = {757--764},
 numpages = {8},
 url = {http://doi.acm.org/10.1145/1476589.1476686},
 doi = {10.1145/1476589.1476686},
 acmid = {1476686},
 publisher = {ACM},
 address = {New York, NY, USA},
}

@inproceedings{Upponurkka,
 author = {Lokki, Tapio and Ilmonen, Tommi and Makela, Wille and Takala, Tapio},
 title = {Upponurkka: An Inexpensive Immersive Display for Public {VR} Installations},
 booktitle = {Proceedings of the IEEE Conference on Virtual Reality},
 series = {VR '06},
 year = {2006},
 isbn = {1-4244-0224-7},
 pages = {315--},
 url = {http://dx.doi.org/10.1109/VR.2006.139},
 doi = {10.1109/VR.2006.139},
 acmid = {1130468},
 publisher = {IEEE Computer Society},
 address = {Washington, DC, USA},
 keywords = {virtual reality, immersive display, VR for public},
} 

@inproceedings{PauschDisney,
 author = {Pausch, Randy and Snoddy, Jon and Taylor, Robert and Watson, Scott and Haseltine, Eric},
 title = {Disney's {A}laddin: First Steps Toward Storytelling in Virtual Reality},
 booktitle = {Proceedings of the 23rd Annual Conference on Computer Graphics and Interactive Techniques},
 series = {SIGGRAPH '96},
 year = {1996},
 isbn = {0-89791-746-4},
 pages = {193--203},
 numpages = {11},
 url = {http://doi.acm.org/10.1145/237170.237257},
 doi = {10.1145/237170.237257},
 acmid = {237257},
 publisher = {ACM},
 address = {New York, NY, USA},
} 

@inproceedings{PauschQuantifyingImmersion,
 author = {Pausch, Randy and Proffitt, Dennis and Williams, George},
 title = {Quantifying Immersion in Virtual Reality},
 booktitle = {Proceedings of the 24th Annual Conference on Computer Graphics and Interactive Techniques},
 series = {SIGGRAPH '97},
 year = {1997},
 isbn = {0-89791-896-7},
 pages = {13--18},
 numpages = {6},
 url = {http://dx.doi.org/10.1145/258734.258744},
 doi = {10.1145/258734.258744},
 acmid = {258744},
 publisher = {ACM Press/Addison-Wesley Publishing Co.},
 address = {New York, NY, USA},
} 

@MISC{Hodges94presenceas,
    author = {Larry F. Hodges and Barbara O. Rothbaum and Rob Kooper and Dan Opdyke and Thomas Meyer and Johannes J. de Graaff and James S. Williford and Max M. North},
    title = {Presence as The Defining Factor in a VR Application: Virtual Reality Graded Exposure in the Treatment of Acrophobia},
    year = {1994}
}

@book{bimber2005spatial,
  title={Spatial augmented reality},
  author={Bimber, Oliver and Raskar, Ramesh and Inami, Masahiko},
  year={2005},
  publisher={AK Peters Wellesley}
}

@article{krijn2004virtual,
  title={Virtual reality exposure therapy of anxiety disorders: A review},
  author={Krijn, Merel and Emmelkamp, Paul MG and Olafsson, Ragnar P and Biemond, Roeline},
  journal={Clinical psychology review},
  volume={24},
  number={3},
  pages={259--281},
  year={2004},
  publisher={Elsevier}
}

@article{riva2005virtual,
  title={Virtual reality in psychotherapy: review},
  author={Riva, Giuseppe},
  journal={Cyberpsychology \& behavior},
  volume={8},
  number={3},
  pages={220--230},
  year={2005},
  publisher={Mary Ann Liebert, Inc. 2 Madison Avenue Larchmont, NY 10538 USA}
}

@article{riva2002virtual,
  title={Virtual-reality-based multidimensional therapy for the treatment of body image disturbances in binge eating disorders: a preliminary controlled study},
  author={Riva, Giuseppe and Bacchetta, Monica and Baruffi, Margherita and Molinari, Enrico},
  journal={Information Technology in Biomedicine, IEEE Transactions on},
  volume={6},
  number={3},
  pages={224--234},
  year={2002},
  publisher={IEEE}
}

@article{emmelkamp2002virtual,
  title={Virtual reality treatment versus exposure in vivo: a comparative evaluation in acrophobia},
  author={Emmelkamp, PMG and Krijn, M and Hulsbosch, AM and De Vries, S and Schuemie, MJ and Van der Mast, CAPG},
  journal={Behaviour Research and Therapy},
  volume={40},
  number={5},
  pages={509--516},
  year={2002},
  publisher={Elsevier}
}

@article{zhang2012microsoft,
  title={Microsoft {K}inect sensor and its effect},
  author={Zhang, Zhengyou},
  journal={Multimedia, IEEE},
  volume={19},
  number={2},
  pages={4--10},
  year={2012},
  publisher={IEEE}
}

@misc{Kinect,
  author = {Microsoft},
  title = {Kinect},
  note = {\url{http://www.xbox.com/en-US/kinect}}
}

@article{giles2010inside,
  title={Inside the race to hack the Kinect},
  author={Giles, Jim},
  journal={New Scientist},
  volume={208},
  number={2789},
  pages={22--23},
  year={2010},
  publisher={Elsevier}
}

@misc{StarToursDisney,
  author = {Disney},
  title = {{D}isneyland ride {S}tar {T}ours},
  note = {\url{https://disneyland.disney.go.com/attractions/disneyland/star-tours/}}
}

